@article{Cherepanov2011,
	author = {Черепанов, А. С.},
	title = {Вегетационные индексы},
	journal = {Геоматика},
	language = {russian},
	year = {2011},
	number = {2},
	pages = {98--102}
}

@book{Cardille2024,
	author = {Cardille, J. A. and Crowley, M. A. and Saah, D. and Clinton, N. E.},
	title = {Cloud-Based Remote Sensing with Google Earth Engine: Fundamentals and Applications},
	publisher = {Springer},
	year = {2024},
	doi = {10.1007/978-3-031-26588-4}
}
@misc{Copernicus2023,
	title = {Copernicus: The European Union Earth Observation Programme},
	year = {2025},
	url = {https://www.copernicus.eu/en},
	note = {Дата обращения: 2025-05-15}
}
@misc{NASA_Earthdata2023,
	title = {NASA Earthdata: Access to Earth Science Data},
	year = {2025},
	url = {https://www.earthdata.nasa.gov/},
	note = {Дата обращения: 2025-05-15}
}

@misc{ECMWF_Reanalysis_V5,
	title = {ECMWF Reanalysis V5},
	year = {2025},
	url = {https://www.ecmwf.int/en/forecasts/dataset/ecmwf-reanalysis-v5},
	note = {Дата обращения: 2025-05-15}
}

@misc{Flask2023,
	title = {Flask Documentation},
	year = {2025},
	url = {https://flask.palletsprojects.com/en/stable/},
	note = {Дата обращения: 2025-05-15}
}

@misc{VueJS2023,

	title = {Vue.js Glossary},
	year = {2025},
	url = {https://vuejs.org/glossary/},
	note = {Дата обращения: 2025-05-15}
}

@misc{OpenLayers2023,
	title = {OpenLayers Documentation},
	year = {2025},
	url = {https://openlayers.org/doc/},
	note = {Дата обращения: 2025-05-15}
}

@article{Borovik2010,
	author = {Боровик, А. В. and Худавердян, О. М.},
	title = {Проекция Меркатора, логарифм и мореплавание},
	journal = {Матем. просв.},
	year = {2010},
	volume = {14},
	language = {russian},
	pages = {58--82}
}

@misc{EPSG4326,
	title = {EPSG:4326 - WGS 84},
	year = {2025},
	url = {https://epsg.io/4326},
	note = {Дата обращения: 2025-05-15}
}

@misc{CoreUI2023,
	title = {CoreUI for Vue - Getting Started},
	year = {2025},
	url = {https://coreui.io/vue/docs/getting-started/introduction.html},
	note = {Дата обращения: 2025-05-15}
}

@misc{GoogleEarthEngine2023,
	title = {An Intro to the Earth Engine Python API},
	year = {2025},
	url = {https://developers.google.com/earth-engine/tutorials/community/intro-to-python-api},
	note = {Дата обращения: 2025-05-15}
}

@misc{OpenAPI_TS2023,
	title = {OpenAPI TS - Introduction},
	year = {2025},
	url = {https://openapi-ts.dev/introduction},
	note = {Дата обращения: 2025-05-15}
}

@misc{Pinia2023,
	title = {Pinia - Core Concepts},
	year = {2025},
	url = {https://pinia.vuejs.org/core-concepts/},
	note = {Дата обращения: 2025-05-15}
}

@article{Minniabaev2012,
	author = {Миннибаев, Талгат Шайдуллинович and Мазаев, В. Т.},
	title = {Методические подходы к оценке влияния среды обитания на здоровье населения в районах с разным уровнем экологического благополучия},
	journal = {ЗНиСО},
	year = {2012},
	number = {7},
		language = {russian},
	pages = {12--15}
}

