@book{Turchak2003,
	author = {Турчак, Л. И. and Плотников, П. В.},
	title = {Основы численных методов: Учебное пособие},
	edition = {2},
	publisher = {ФИЗМАТЛИТ},
	year = {2003},
	pages = {304},
	isbn = {5-9221-0153-6},
		language = {russian}
}


@book{1964calculus,
	author = {Н. С. Бахвалов},
	title={Численные методы },
	year={1975},
	publisher={Наука}
}

@book{Patankar1984,
	author = {Патанкар, С. В.},
	title = {Численные методы решения задач теплообмена и динамики жидкости},
	publisher = {Энергоатомиздат},
	year = {1984},
	pages = {152},
	language = {russian}
}

@book{Alonso1992,
	author = {Alonso, M. and Finn, E.J.},
	title = {Physics},
	publisher = {Addison-Wesley},
	year = {1992}
}

@book{Fichtenholz2015,
	author = {Фихтенгольц, Г. М.},
	title = {Основы математического анализа: Учебник. Часть 1},
	edition = {10},
	publisher = {Лань},
	year = {2015},
	pages = {448},
	series = {Учебники для вузов. Специальная литература},
	language = {russian}
}



