@book{metloff2019,
	author    = {Норман Мэтлофф},
	title     = {Искусство программирования на R. Погружение в большие данные},
	publisher = {Питер},
	language = {russian},
	year      = {2019},
	pages     = {416},
	series    = {Библиотека программиста},
	isbn      = {978-5-4461-1101-5},
	address   = {СПб.},
}

@book{mastitsky2017,
	author    = {Сергей Мастицкий},
	title     = {Визуализация данных с помощью ggplot2},
	publisher = {ДМК Пресс},
	year      = {2017},
	pages     = {222},
	address   = {Москва},
	isbn      = {978-5-97060-470-0},
	language = {russian},
}

@misc{caret2019,
	title        = {Caret: Classification and Regression Training},
	author       = {Kuhn, Max and Johnson, Kjell},
	year         = {2019},
	howpublished = {R package version 6.0-86},
	url          = {https://cran.r-project.org/package=caret/vignettes/caret.html},
}

@book{wapnick2009,
	author    = {Larry Wasserman},
	title     = {All of Statistics: A Concise Course in Statistical Inference},
	publisher = {Springer},
	year      = {2004},
	series    = {Springer Texts in Statistics},
	isbn      = {978-0-387-22642-0},
}


