@book{RD,
	author = {Douglas J. Klein},
	year = {2002},
	title = {Resistance-Distance Sum Rules},
	publisher = {Croatica Chemica Acta}
}

@book{RD2,
	author = {Klein D. J., Randic M. J.},
	year = {1993},
	title = {Resistance Distance},
	publisher = {J. Math. Chem}
}

@book{ss,
	title={A note on resistance distances of graphs},
	author={Sun, Wensheng and Yang, Yujun},
	journal={Frontiers in Physics},
	volume={10},
	pages={896886},
	year={2022},
	publisher={Frontiers Media SA}
}