@book{krivosonova2005numerical,
  author    = {Кривоносова, А.Ф.},
  title     = {Численные методы в алгебре},
  year      = {2005},
  publisher = {Наука},
  address   = {Москва}
}

@book{1964calculus,
	author = {Бахвалов Н.С.},
	title={Численные методы },
	year={1975},
	publisher={Издательство"Наука" }
}
