@book{krivosonova2005numerical,
  author    = {Кривоносова, А.Ф.},
  title     = {Численные методы в алгебре},
  year      = {2005},
  publisher = {Наука},
  address   = {Москва}
}

@book{isaev2011methods,
  author    = {Исаев, А.А. and Копытов, Г.П.},
  title     = {Численные методы линейной алгебры},
  year      = {2011},
  publisher = {Физматлит},
  address   = {Москва}
}

@book{kolobov2008,
  author    = {Колобов А. Г., Молчанова Л.А.},
  title     = {Численные методы линейной алгебры},
  edition   = {1th},
  year      = {2008},
  publisher = {Издательство Дальневосточного университета},
  address   = {Владивосток}
}