@misc{r:cite,
	author = {{R Project}},
	title = {Официальная страница среды статистического моделирования R},
	howpublished = {{https://www.r-project.org/}},
	note = {дата обращения: 31.10.2024}
}

@misc{r:studio,
	author = {{RStudio}},
	title = {Официальная страница интегрированной среды разработки RStudio},
	howpublished = {{https://www.rstudio.com/}},
	note = {дата обращения: 31.10.2024}
}

@book{cm,
	author = {Абакумов М.В.б Соснин Н.В.},
	title = {Лекции по численным методам},
	year = {2022},
	publisher = {МАКС Пресс},
	address = {Москва},
	isbn = { 978-5-317-06770-0},
}

@misc{r:diamonds,
	author = {{R Foundation for Statistical Computing}},
	title = {Diamonds dataset},
	year = {2023},
	howpublished = {{https://www.r-project.org/}},
	note = {дата обращения: 31.10.2024}
}
