% Все теги смотрите тут: https://www.overleaf.com/learn/latex/Bibliography_management_with_biblatex#:~:text=example%20on%20Overleaf-,Reference%20guide,-Supported%20entry%20types


@book{numerical_methods,
  author = {Бахвалов, Н. С. and Жидков, Н. П. and Кобельков, Г. М.},
  title = {Численные методы},
  publisher = {Москва: Наука},
  year = {1987},
  pages = {600}
}

@book{samarskiy,
  author = {Самарский А.А., Михайлов А.П.},
  title = {Математическое моделирование: Идеи. Методы. Примеры},
  publisher = {МАИК "Наука Периодика"},
  year = {1997}
}

@online{python_scipy,
  author = {Virtanen, P. and Gommers, R. and Oliphant, T. E. and others},
  title = {SciPy 1.0: Fundamental Algorithms for Scientific Computing in Python},
  year = {2020},
  url = {https://www.nature.com/articles/s41592-019-0686-2},
  urldate = {2025-03-27}
}

@software{python_numpy,
  author = {Travis E. Oliphant and others},
  title = {NumPy: A guide to {NumPy}},
  year = {2006},
  url = {https://numpy.org/},
  version = {1.26.0},
}

@software{python_matplotlib,
  author = {John D. Hunter and others},
  title = {Matplotlib: Visualization with Python},
  year = {2003},
  url = {https://matplotlib.org/},
  version = {3.8.0},
}