@book{krivosonova2005numerical,
  author    = {Кривоносова, А.Ф.},
  title     = {Численные методы в алгебре},
  year      = {2005},
  publisher = {Наука},
  address   = {Москва}
}

@book{1964calculus,
	author = {Бахвалов Н.С.},
	title={Численные методы },
	year={1975},
	publisher={Издательство"Наука"}
}

@book{quant,
  author    = {Черноуцан А.},
  title     = {Уравнение теплового баланса},
  edition   = {Квант, номер 2, 42–47},
  year      = {2015},
}